
@article{dirichlet,
author    = {Wikipedia Contributors},
title     = {Dirichlet's approximation theorem},
journal   = {Wikipedia},
year      = {2021},
note      = {Retrieved from \url{https://en.wikipedia.org/wiki/Dirichlet%27s_approximation_theorem}}
}

@article{normalnumber,
author    = {Wikipedia Contributors},
title     = {Normal number},
journal   = {Wikipedia},
year      = {2021},
note      = {Retrieved from \url{https://en.wikipedia.org/wiki/Normal_number}}
}

@article{roth1955,
author    = {Roth, K. F.},
title     = {Rational approximations to algebraic numbers},
journal   = {Mathematika},
volume    = {2},
number    = {1},
pages     = {1--20},
year      = {1955},
note={Retrieved from \url{https://londmathsoc.onlinelibrary.wiley.com/doi/abs/10.1112/S0025579300000644}}
}

@article{transcendental,
author    = {Wikipedia Contributors},
title     = {Transcendental number theory},
journal   = {Wikipedia},
year      = {2021},
note      = {Retrieved from \url{https://en.wikipedia.org/wiki/Transcendental_number_theory}}
}

@journal{dataaspirant_ks_test,
  author       = {{Data Aspirant}},
  title        = {Kolmogorov-Smirnov Test Implementation},
  howpublished = {\url{https://dataaspirant.com/kolmogorov-smirnov-test/}},
  note         = {Accessed: December 31, 2024},
}

@journal{evertse_diophantine_notes,
  author       = {Jan-Hendrik Evertse},
  title        = {Notes on Diophantine Approximation},
  howpublished = {\url{https://www.math.leidenuniv.nl/~evertsejh/Roth.pdf}},
  note         = {Leiden University Mathematics, Accessed: December 31, 2024},
}

@journal{mit_ks_test,
  author       = {{MIT OpenCourseWare}},
  title        = {Kolmogorov-Smirnov Test Lecture Notes},
  howpublished = {\url{https://ocw.mit.edu/courses/18-443-statistics-for-applications-fall-2006/0c5a824a932b841205b7bb4d27229abc_lecture14.pdf}},
  note         = {Accessed: December 31, 2024},
}

@ajournal{wikipedia_ks_test,
  author       = {{Wikipedia Contributors}},
  title        = {Kolmogorov-Smirnov Test},
  howpublished = {\url{https://en.wikipedia.org/wiki/Kolmogorov%E2%80%93Smirnov_test}},
  note         = {Accessed: December 31, 2024},
}
